<record><leader>00000cas a22000007a 4500</leader><controlfield tag="001">17761220</controlfield><controlfield tag="008">880409d18931894iauwr ne      0    0eng d</controlfield><datafield ind1=" " ind2=" " tag="010"><subfield code="a">sn 88059230 </subfield></datafield><datafield ind1=" " ind2=" " tag="040"><subfield code="a">INP</subfield><subfield code="b">eng</subfield><subfield code="c">INP</subfield><subfield code="d">OCLCQ</subfield></datafield><datafield ind1=" " ind2=" " tag="042"><subfield code="a">msc</subfield></datafield><datafield ind1="0" ind2=" " tag="130"><subfield code="a">Coin gazette (Coin, Iowa : 1893)</subfield></datafield><datafield ind1="1" ind2="4" tag="245"><subfield code="a">The Coin gazette.</subfield></datafield><datafield ind1=" " ind2=" " tag="260"><subfield code="a">Coin, Page County, Iowa :</subfield><subfield code="b">Adair &amp; Monzingo,</subfield><subfield code="c">1893-1894.</subfield></datafield><datafield ind1=" " ind2=" " tag="300"><subfield code="a">1 v.</subfield></datafield><datafield ind1=" " ind2=" " tag="310"><subfield code="a">Weekly</subfield></datafield><datafield ind1="0" ind2=" " tag="362"><subfield code="a">Vol. 12, no. 51 (Oct. 26, 1893)-v. 13, no. 19 (Mar. 15, 1894).</subfield></datafield><datafield ind1=" " ind2=" " tag="752"><subfield code="a">United States</subfield><subfield code="b">Iowa</subfield><subfield code="c">Page</subfield><subfield code="d">Coin.</subfield></datafield><datafield ind1="0" ind2="0" tag="780"><subfield code="t">Page County gazette (Coin, Iowa : 1892)</subfield><subfield code="w">(DLC)sn 86060321</subfield></datafield><datafield ind1="0" ind2="0" tag="785"><subfield code="t">Page County gazette (Coin, Iowa : 1894)</subfield><subfield code="w">(DLC)sn 88059231</subfield></datafield></record>